<record><leader>00000cas a22000007a 4500</leader><controlfield tag="001">25290881</controlfield><controlfield tag="008">920218c19899999mouer ne      0    0eng d</controlfield><datafield ind1=" " ind2=" " tag="010"><subfield code="a">sn 92058815 </subfield></datafield><datafield ind1=" " ind2=" " tag="040"><subfield code="a">MQN</subfield><subfield code="b">eng</subfield><subfield code="c">MQN</subfield><subfield code="d">OCLCQ</subfield></datafield><datafield ind1=" " ind2=" " tag="042"><subfield code="a">msc</subfield></datafield><datafield ind1=" " ind2=" " tag="043"><subfield code="a">n-us-mo</subfield></datafield><datafield ind1="0" ind2="0" tag="245"><subfield code="a">Lockwood liberty star.</subfield></datafield><datafield ind1="3" ind2="0" tag="246"><subfield code="a">Tri-county newspapers</subfield></datafield><datafield ind1=" " ind2=" " tag="260"><subfield code="a">Lockwood, Mo. :</subfield><subfield code="b">[Dockery Productions]</subfield></datafield><datafield ind1=" " ind2=" " tag="300"><subfield code="a">v.</subfield></datafield><datafield ind1=" " ind2=" " tag="310"><subfield code="a">Biweekly</subfield></datafield><datafield ind1=" " ind2=" " tag="515"><subfield code="a">Suspended publication Sept. 1991; resumed publication Oct. 1991.</subfield></datafield><datafield ind1=" " ind2=" " tag="580"><subfield code="a">Published with: Jasper jubilee, and, Lamar leader (Lamar, Mo.), under the banner: Tri-county newspapers, &lt;Nov. 7, 1990&gt;-</subfield></datafield><datafield ind1=" " ind2=" " tag="588"><subfield code="a">Description based on: Vol. 2, no. 39 (Nov. 7, 1990).</subfield></datafield><datafield ind1=" " ind2="0" tag="651"><subfield code="a">Lockwood (Mo.)</subfield><subfield code="v">Newspapers.</subfield></datafield><datafield ind1=" " ind2=" " tag="752"><subfield code="a">United States</subfield><subfield code="b">Missouri</subfield><subfield code="c">Dade</subfield><subfield code="d">Lockwood.</subfield></datafield><datafield ind1="1" ind2=" " tag="787"><subfield code="t">Jasper jubilee</subfield><subfield code="w">(DLC)sn 92058813</subfield></datafield><datafield ind1="1" ind2=" " tag="787"><subfield code="t">Lamar leader (Lamar, Mo.)</subfield><subfield code="w">(DLC)sn 92058814</subfield></datafield><datafield ind1="1" ind2=" " tag="029"><subfield code="a">AU@</subfield><subfield code="b">000025902770</subfield></datafield></record>